<record><leader>00000cas a2200000 a 4500</leader><controlfield tag="001">11026316</controlfield><controlfield tag="008">840807d18451848mauwr ne      0    0eng c</controlfield><datafield ind1=" " ind2=" " tag="010"><subfield code="a">sn 84023802 </subfield></datafield><datafield ind1=" " ind2=" " tag="040"><subfield code="a">AQM</subfield><subfield code="b">eng</subfield><subfield code="c">AQM</subfield><subfield code="d">NPX</subfield><subfield code="d">PPM</subfield><subfield code="d">OCL</subfield><subfield code="d">MGN</subfield><subfield code="d">CNW</subfield><subfield code="d">MGN</subfield><subfield code="d">CNK</subfield><subfield code="d">OCL</subfield><subfield code="d">IUL</subfield><subfield code="d">OCLCQ</subfield><subfield code="d">OCLCF</subfield><subfield code="d">OCLCO</subfield></datafield><datafield ind1=" " ind2=" " tag="019"><subfield code="a">1695407</subfield></datafield><datafield ind1="1" ind2=" " tag="029"><subfield code="a">AU@</subfield><subfield code="b">000020129570</subfield></datafield><datafield ind1=" " ind2=" " tag="042"><subfield code="a">pcc</subfield></datafield><datafield ind1=" " ind2=" " tag="043"><subfield code="a">n-us---</subfield></datafield><datafield ind1="1" ind2="4" tag="050"><subfield code="a">HD6500</subfield><subfield code="b">.V65</subfield></datafield><datafield ind1="0" ind2=" " tag="130"><subfield code="a">Voice of industry (Fitchburg, Mass.)</subfield></datafield><datafield ind1="1" ind2="0" tag="245"><subfield code="a">Voice of industry.</subfield></datafield><datafield ind1=" " ind2=" " tag="260"><subfield code="a">Fitchburg, Mass. :</subfield><subfield code="b">An Association of Workingmen,</subfield><subfield code="c">1845-</subfield></datafield><datafield ind1=" " ind2=" " tag="300"><subfield code="a">3 v. :</subfield><subfield code="b">ill.</subfield></datafield><datafield ind1=" " ind2=" " tag="310"><subfield code="a">Weekly</subfield></datafield><datafield ind1="0" ind2=" " tag="362"><subfield code="a">Vol. 1, no. 1 (May 29, 1845)-v. 3, no. 40 (Apr. 14, 1848).</subfield></datafield><datafield ind1=" " ind2=" " tag="500"><subfield code="a">Published in: Lowell, Mass., Nov. 7, 1845-Sept. 3, 1847; Boston, Mass., and Lowell, Mass: Sept. 10-Nov. 19, 1847; and: Boston, Mass., Nov. 26, 1847-1848.</subfield></datafield><datafield ind1=" " ind2=" " tag="500"><subfield code="a">We labor for "the abolition of idleness, want and oppression; the prevalence of industry, virtue, and intelligence."</subfield></datafield><datafield ind1=" " ind2=" " tag="515"><subfield code="a">Suspended Oct. 10-Nov. 6, 1845; Dec. 19, 1846-Jan. 7, 1847.</subfield></datafield><datafield ind1=" " ind2=" " tag="550"><subfield code="a">Organ of: the New England Workingmen's Association, Nov. 7, 1845-Oct. 9, 1846; organ of: the New England Labor Reform League, Oct. 16, 1846-Sept. 3, 1847; organ of: the people, Sept. 10-Nov. 19, 1847.</subfield></datafield><datafield ind1=" " ind2="0" tag="650"><subfield code="a">Working class</subfield><subfield code="z">New England</subfield><subfield code="v">Newspapers.</subfield></datafield><datafield ind1=" " ind2="0" tag="650"><subfield code="a">Labor movement</subfield><subfield code="z">New England</subfield><subfield code="v">Newspapers.</subfield></datafield><datafield ind1=" " ind2="0" tag="651"><subfield code="a">New England</subfield><subfield code="v">Newspapers.</subfield></datafield><datafield ind1=" " ind2="7" tag="655"><subfield code="a">Newspapers.</subfield><subfield code="2">fast</subfield><subfield code="0">(OCoLC)fst01423814</subfield></datafield><datafield ind1=" " ind2="7" tag="650"><subfield code="a">Labor movement.</subfield><subfield code="2">fast</subfield><subfield code="0">(OCoLC)fst00990079</subfield></datafield><datafield ind1=" " ind2="7" tag="650"><subfield code="a">Working class.</subfield><subfield code="2">fast</subfield><subfield code="0">(OCoLC)fst01180418</subfield></datafield><datafield ind1=" " ind2="7" tag="651"><subfield code="a">New England.</subfield><subfield code="2">fast</subfield><subfield code="0">(OCoLC)fst01241913</subfield></datafield><datafield ind1="2" ind2=" " tag="710"><subfield code="a">New England Workingmen's Association.</subfield></datafield><datafield ind1="2" ind2=" " tag="710"><subfield code="a">New England Labor Reform League.</subfield></datafield><datafield ind1=" " ind2=" " tag="752"><subfield code="a">United States</subfield><subfield code="b">Massachusetts</subfield><subfield code="c">Suffolk</subfield><subfield code="d">Boston.</subfield></datafield><datafield ind1=" " ind2=" " tag="752"><subfield code="a">United States</subfield><subfield code="b">Massachusetts</subfield><subfield code="c">Middlesex</subfield><subfield code="d">Lowell.</subfield></datafield><datafield ind1=" " ind2=" " tag="752"><subfield code="a">United States</subfield><subfield code="b">Massachusetts</subfield><subfield code="c">Worcester</subfield><subfield code="d">Fitchburg.</subfield></datafield><datafield ind1="0" ind2="0" tag="785"><subfield code="t">New era of industry</subfield><subfield code="w">(DLC)sn 92057003</subfield><subfield code="w">(OCoLC)25794503</subfield></datafield></record>